<?xml version="1.0" encoding="UTF-8"?><collection xmlns="http://www.loc.gov/MARC21/slim"><record><leader>00000nam a2200289 a 4500</leader><controlfield tag="001">mmsid</controlfield><controlfield tag="008">||||||e20000101|||||||||||||||||||||||||||</controlfield><datafield ind1="7" ind2=" " tag="016"><subfield code="a">IND60agid value</subfield><subfield code="2">DNAL</subfield></datafield><datafield ind1="7" ind2=" " tag="024"><subfield code="a">DOI value</subfield><subfield code="2">doi</subfield></datafield><datafield ind1="7" ind2=" " tag="024"><subfield code="a">aris value</subfield><subfield code="2">aris</subfield></datafield><datafield ind1="7" ind2=" " tag="024"><subfield code="a">aris_accn_no value</subfield><subfield code="2">aris_accn_no</subfield></datafield><datafield ind1="7" ind2=" " tag="024"><subfield code="a">hdl value</subfield><subfield code="2">hdl</subfield></datafield><datafield ind1=" " ind2=" " tag="035"><subfield code="a">agid:agid value-01nal_inst</subfield></datafield><datafield ind1="1" ind2=" " tag="100"><subfield code="a">Family name, Given name</subfield><subfield code="e">author</subfield><subfield code="1">orcid</subfield><subfield code="u">Affiliation 1 ``Affiliation 2</subfield></datafield><datafield ind1="1" ind2="0" tag="245"><subfield code="a">Title</subfield><subfield code="b">Subtitle</subfield></datafield><datafield ind1=" " ind2=" " tag="264"><subfield code="b">Publisher</subfield></datafield><datafield ind1=" " ind2=" " tag="300"><subfield code="a">p.first-last</subfield></datafield><datafield ind1="#" ind2=" " tag="506"><subfield code="3">Accepted manuscript</subfield><subfield code="a">Open Access</subfield><subfield code="2">star</subfield><subfield code="u">https://purl.org/eprint/accessRights/OpenAccess</subfield><subfield code="f">Unrestricted online access</subfield></datafield><datafield ind1=" " ind2=" " tag="520"><subfield code="a">abstract</subfield></datafield><datafield ind1=" " ind2=" " tag="540"><subfield code="a">Creative Commons Attribution-NonCommercial-NoDerivatives 4.0 International License</subfield><subfield code="f">CC BY-NC-ND 4.0</subfield><subfield code="2">cc</subfield><subfield code="u">https://creativecommons.org/licenses/by-nc-nd/4.0/</subfield></datafield><datafield ind1=" " ind2=" " tag="596"><subfield code="c">Funder1 name</subfield><subfield code="a">Award 1</subfield></datafield><datafield ind1=" " ind2=" " tag="596"><subfield code="c">Funder2 name</subfield><subfield code="a">Award 2</subfield></datafield><datafield ind1=" " ind2="3" tag="650"><subfield code="a">nalt term 1</subfield><subfield code="0">nalt uri 1</subfield></datafield><datafield ind1=" " ind2="3" tag="650"><subfield code="a">nalt term 2 no uri</subfield></datafield><datafield ind1=" " ind2="2" tag="650"><subfield code="a">mesh term 1</subfield><subfield code="0">mesh uri 1</subfield></datafield><datafield ind1=" " ind2="2" tag="650"><subfield code="a">mesh term 2 no uri</subfield></datafield><datafield ind1=" " ind2="3" tag="651"><subfield code="a">geographic term 1</subfield><subfield code="0">geographic uri 1</subfield></datafield><datafield ind1=" " ind2="3" tag="651"><subfield code="a">geographic term 2 no uri</subfield></datafield><datafield ind1=" " ind2=" " tag="653"><subfield code="a">uncontrolled term 1</subfield></datafield><datafield ind1=" " ind2=" " tag="653"><subfield code="a">uncontrolled term 2</subfield></datafield><datafield ind1="1" ind2=" " tag="700"><subfield code="a">Family name, Given name</subfield><subfield code="e">author</subfield><subfield code="1">orcid</subfield><subfield code="u">Affiliation 1 ``Affiliation 2</subfield></datafield><datafield ind1="0" ind2=" " tag="773"><subfield code="t">Container title</subfield><subfield code="x">ISSN1</subfield><subfield code="x">ISSN2</subfield><subfield code="g">2000 January., Vol. volume, no. issue p.first-last</subfield><subfield code="o">Container DOI</subfield><subfield code="w">nal_journal_id</subfield></datafield><datafield ind1="4" ind2="0" tag="856"><subfield code="u">url</subfield></datafield><datafield ind1=" " ind2=" " tag="914"><subfield code="b">ISSN1</subfield><subfield code="b">ISSN2</subfield><subfield code="c">volume</subfield><subfield code="d">issue</subfield><subfield code="e">p.first-last</subfield><subfield code="a">nal_journal_id</subfield></datafield><datafield ind1=" " ind2=" " tag="946"><subfield code="a">USDA</subfield></datafield><datafield ind1=" " ind2=" " tag="961"><subfield code="c">2000-01-01</subfield><subfield code="e">2000-01-01</subfield><subfield code="a">USDA</subfield><subfield code="d">submission_node_id</subfield></datafield><datafield ind1=" " ind2=" " tag="974"><subfield code="a">agid:agid value</subfield></datafield></record></collection>